
@Misc{EN-50128,
Key = {{EN 50128}},
publisher = {{CENELEC, Brussels, Belgium}},
type = {{Norm}},
title = {{Railway applications -- Communication, signallin and processing systems -- software for railway control and protection systems}},
number = {{EN 500128:2011}},
year = {{2011}},
}
